@inproceedings{bartholomai2018lung,
  title={Lung cancer survival prediction via machine learning regression, classification, and statistical techniques},
  author={Bartholomai, James A and Frieboes, Hermann B},
  booktitle={2018 IEEE International Symposium on Signal Processing and Information Technology (ISSPIT)},
  pages={632--637},
  year={2018},
  organization={IEEE}
}

@INPROCEEDINGS{6022187,
  author={Chen, Cheng-Mei and Hsu, Chien-Yeh and Chiu, Hung-Wen and Rau, Hsiao-Hsien},
  booktitle={2011 Seventh International Conference on Natural Computation}, 
  title={Prediction of survival in patients with liver cancer using artificial neural networks and classification and regression trees}, 
  year={2011},
  volume={2},
  number={},
  pages={811-815},
  doi={10.1109/ICNC.2011.6022187}}

@inproceedings{spelmen2018review,
  title={A review on handling imbalanced data},
  author={Spelmen, Vimalraj S and Porkodi, R},
  booktitle={2018 international conference on current trends towards converging technologies (ICCTCT)},
  pages={1--11},
  year={2018},
  organization={IEEE}
}

@INPROCEEDINGS{pristyanto2018,
  author={Pristyanto, Yoga and Pratama, Irfan and Nugraha, Anggit Ferdita},
  booktitle={2018 International Conference on Information and Communications Technology (ICOIACT)}, 
  title={Data level approach for imbalanced class handling on educational data mining multiclass classification}, 
  year={2018},
  volume={},
  number={},
  pages={310-314},
  doi={10.1109/ICOIACT.2018.8350792}}

@INPROCEEDINGS{sukhanov2015,
  author={Sukhanov, S. and Merentitis, A. and Debes, C. and Hahn, J. and Zoubir, A. M.},
  booktitle={2015 23rd European Signal Processing Conference (EUSIPCO)}, 
  title={Bootstrap-based SVM aggregation for class imbalance problems}, 
  year={2015},
  volume={},
  number={},
  pages={165-169},
  doi={10.1109/EUSIPCO.2015.7362366}}

@book{geron2022hands,
  title={Hands-on machine learning with Scikit-Learn, Keras, and TensorFlow},
  author={G{\'e}ron, Aur{\'e}lien},
  year={2022},
  publisher={" O'Reilly Media, Inc."}
}

@inproceedings{Chen_2016, series={KDD ’16},
   title={XGBoost: A Scalable Tree Boosting System},
   url={http://dx.doi.org/10.1145/2939672.2939785},
   DOI={10.1145/2939672.2939785},
   booktitle={Proceedings of the 22nd ACM SIGKDD International Conference on Knowledge Discovery and Data Mining},
   publisher={ACM},
   author={Chen, Tianqi and Guestrin, Carlos},
   year={2016},
   month=aug, collection={KDD ’16} }

@misc{vemuri2020hundred,
	title={The Hundred-Page Machine Learning Book},
	author={Burkov, Andriy},
	year={2020},
	publisher={Taylor \& Francis},
	isbn={978-1999579517}
}


@INPROCEEDINGS{abokadr2023imbalanced,
	author={Abokadr, Somiya and Azman, Azreen and Hamdan, Hazlina and Amelina, Nurul},
	booktitle={2023 3rd International Conference on Emerging Smart Technologies and Applications (eSmarTA)}, 
	title={Handling Imbalanced Data for Improved Classification Performance: Methods and Challenges}, 
	year={2023},
	volume={},
	number={},
	pages={1-8},
	doi={10.1109/eSmarTA59349.2023.10293442}}
